@article{rubin2022costs,
  title={The costs of HARKing},
  author={Rubin, Mark},
  journal={The British Journal for the Philosophy of Science},
  year={2022},
  publisher={The University of Chicago Press}
}

@article{kahn1992novel,
  title={On novel confirmation},
  author={Kahn, James A and Landsburg, Steven E and Stockman, Alan C},
  journal={The British Journal for the Philosophy of Science},
  volume={43},
  number={4},
  pages={503--516},
  year={1992},
  publisher={Oxford University Press}
}

@article{chen2024most,
  title={Most claimed statistical findings in cross-sectional return predictability are likely true},
  author={Chen, Andrew Y},
  journal={arXiv preprint arXiv:2206.15365},
  year={2024}
}

@article{barnes2008paradox,
  title={The paradox of predictivism},
  author={Barnes, Eric Christian},
  year={2008}
}

@book{Popper1959,
  author    = {Karl Popper},
  title     = {The Logic of Scientific Discovery},
  year      = {1959},
  publisher = {Routledge},
  address   = {London},
  note      = {Originally published as \textit{Logik der Forschung} (1934).}
}


@incollection{Popper1985,
  author    = {Karl Popper},
  title     = {The Problem of Demarcation},
  booktitle = {Popper Selections},
  editor    = {David Miller},
  pages     = {118--130},
  year      = {1985},
  publisher = {Princeton University Press},
  address   = {Princeton, NJ}
}

@article{kahn1992novel,
  title={On novel confirmation},
  author={Kahn, James A and Landsburg, Steven E and Stockman, Alan C},
  journal={The British Journal for the Philosophy of Science},
  volume={43},
  number={4},
  pages={503--516},
  year={1992},
  publisher={Oxford University Press}
}

@article{guo2025deepseek,
  title={DeepSeek-R1: Incentivizing Reasoning Capability in LLMs via Reinforcement Learning},
  author={Guo, Daya and Yang, Dejian and Zhang, Haowei and Song, Junxiao and Zhang, Ruoyu and Xu, Runxin and Zhu, Qihao and Ma, Shirong and Wang, Peiyi and Bi, Xiao and others},
  journal={arXiv preprint arXiv:2501.12948},
  year={2025}
}

@article{brodeur2016star,
  title={Star wars: The empirics strike back},
  author={Brodeur, Abel and L{\'e}, Mathias and Sangnier, Marc and Zylberberg, Yanos},
  journal={American Economic Journal: Applied Economics},
  volume={8},
  number={1},
  pages={1--32},
  year={2016},
  publisher={American Economic Association 2014 Broadway, Suite 305, Nashville, TN 37203-2425}
}

@article{abadie2020statistical,
  title={Statistical nonsignificance in empirical economics},
  author={Abadie, Alberto},
  journal={American Economic Review: Insights},
  volume={2},
  number={2},
  pages={193--208},
  year={2020},
  publisher={American Economic Association 2014 Broadway, Suite 305, Nashville, TN 37203}
}



@techreport{novy2025ai,
  title={AI-Powered (Finance) Scholarship},
  author={Novy-Marx, Robert and Velikov, Mihail Z},
  year={2025},
  institution={National Bureau of Economic Research}
}

@book{hempel1966philosophy,
    author = {Hempel, Carl G.},
    title = {Philosophy of Natural Science},
    year = {1966},
    publisher = {Prentice-Hall},
    address = {Englewood Cliffs}
}

@incollection{lakatos1970methodology,
    author = {Lakatos, Imre},
    title = {The Methodology of Scientific Research Programmes},
    booktitle = {Criticism and the Growth of Knowledge},
    editor = {Lakatos, Imre and Musgrave, Alan},
    year = {1970},
    pages = {91--196},
    publisher = {Cambridge University Press},
    address = {London}
}

@book{rosenkrantz1977inference,
    author = {Rosenkrantz, Roger D.},
    title = {Inference, Method and Decision},
    year = {1977},
    publisher = {D. Reidel},
    address = {Dordrecht}
}

@article{gardner1982predicting,
    author = {Gardner, Michael R.},
    title = {Predicting Novel Facts},
    journal = {British Journal for the Philosophy of Science},
    volume = {33},
    pages = {1--15},
    year = {1982}
}

@article{chen2025high,
  title={High-throughput asset pricing},
  author={Chen, Andrew Y and Dim, Chukwuma},
  journal={arXiv preprint arXiv:2311.10685},
  year={2025}
}

@article{breiman2001statistical,
  title={Statistical modeling: The two cultures (with comments and a rejoinder by the author)},
  author={Breiman, Leo},
  journal={Statistical science},
  volume={16},
  number={3},
  pages={199--231},
  year={2001},
  publisher={Institute of Mathematical Statistics}
}

@book{keynes1921treatise,
  title={A Treatise on Probability},
  author={Keynes, John Maynard},
  year={1921},
  publisher={Macmillan},
  address={London}
}

@article{chen2024does,
  title={Does peer-reviewed theory help predict the cross-section of stock returns?},
  author={Chen, Andrew Y and Lopez-Lira, Alejandro and Zimmermann, Tom},
  journal={arXiv e-prints},
  pages={arXiv--2212},
  year={2024}
}

@article{popper1934logic,
  title={The logic of scientific discovery},
  author={Popper, Karl Raimund},
  year={1934}
}

@article{kerr1998harking,
  title={HARKing: Hypothesizing after the results are known},
  author={Kerr, Norbert L},
  journal={Personality and social psychology review},
  volume={2},
  number={3},
  pages={196--217},
  year={1998},
  publisher={Sage Publications Sage CA: Los Angeles, CA}
}

@incollection{leibniz1678letter,
    author = {Leibniz, G. W.},
    title = {Letter to {Herman} {Conring}},
    booktitle = {Philosophical Papers and Letters},
    editor = {Loemker, L. E.},
    year = {1969},
    pages = {186--191},
    publisher = {D. Reidel},
    address = {Dordrecht},
    crossref = {leibniz1969philosophical}
}

@book{leibniz1969philosophical,
    editor = {Loemker, L. E.},
    title = {Philosophical Papers and Letters},
    publisher = {D. Reidel},
    year = {1969},
    address = {Dordrecht}
}

@techreport{kasy2024optimal,
  title={Optimal pre-analysis plans: Statistical decisions subject to implementability},
  author={Kasy, Maximilian and Spiess, Jann},
  year={2024},
  institution={CESifo Working Paper}
}

@article{hedges1984estimation,
  title={Estimation of effect size under nonrandom sampling: The effects of censoring studies yielding statistically insignificant mean differences},
  author={Hedges, Larry V},
  journal={Journal of Educational Statistics},
  volume={9},
  number={1},
  pages={61--85},
  year={1984},
  publisher={Sage Publications Sage CA: Thousand Oaks, CA}
}

@article{barnes1996discussion,
  title={Discussion: Thoughts on Maher's predictivism},
  author={Barnes, Eric},
  journal={Philosophy of Science},
  volume={63},
  number={3},
  pages={401--410},
  year={1996},
  publisher={Cambridge University Press}
}

@incollection{maher1990prediction,
  title={How prediction enhances confirmation},
  author={Maher, Patrick},
  booktitle={Truth or consequences: Essays in honor of Nuel Belnap},
  pages={327--343},
  year={1990},
  publisher={Springer}
}

@article{maher1993discussion,
  title={Discussion: Howson and Franklin on Prediction},
  author={Maher, Patrick},
  journal={Philosophy of Science},
  volume={60},
  number={2},
  pages={329--340},
  year={1993},
  publisher={Cambridge University Press}
}

@article{lange2001apparent,
  title={The apparent superiority of prediction to accommodation as a side effect: A reply to Maher},
  author={Lange, Marc},
  journal={The British journal for the philosophy of science},
  volume={52},
  number={3},
  pages={575--588},
  year={2001},
  publisher={Oxford University Press}
}

@article{howson1991maher,
  title={Maher, Mendeleev and Bayesianism},
  author={Howson, Colin and Franklin, Allan},
  journal={Philosophy of Science},
  volume={58},
  number={4},
  pages={574--585},
  year={1991},
  publisher={Cambridge University Press}
}

@article{efron2001statistical,
  title={[statistical modeling: The two cultures]: Comment},
  author={Efron, Brad},
  journal={Statistical Science},
  volume={16},
  number={3},
  pages={218--219},
  year={2001},
  publisher={JSTOR}
}

@article{kahn1996positive,
  title={The positive economics of methodology},
  author={Kahn, James A and Landsburg, Steven E and Stockman, Alan C},
  journal={Journal of Economic Theory},
  volume={68},
  number={1},
  pages={64--76},
  year={1996},
  publisher={Elsevier}
}

@inproceedings{maher1988prediction,
  title={Prediction, accommodation, and the logic of discovery},
  author={Maher, Patrick},
  booktitle={PSA: Proceedings of the Biennial meeting of the philosophy of science association},
  volume={1988},
  number={1},
  pages={272--285},
  year={1988},
  organization={Cambridge University Press}
}

@InCollection{barnes2022prediction,
	author       =	{Barnes, Eric Christian},
	title        =	{Prediction versus Accommodation},
	booktitle    =	{The {Stanford} Encyclopedia of Philosophy},
	editor       =	{Edward N. Zalta and Uri Nodelman},
	howpublished =	{\url{https://plato.stanford.edu/archives/win2022/entries/prediction-accommodation/}},
	year         =	{2022},
	edition      =	{Winter 2022},
	publisher    =	{Metaphysics Research Lab, Stanford University}
}

@book{newton1726scholium,
    author = {Newton, Isaac},
    title = {Philosophi{\ae} Naturalis Principia Mathematica},
    year = {1726},
    edition = {3},
    publisher = {William \& John Innys},
    address = {London},
    note = {General Scholium appendix, pp. 526-530}
}

@article{romano2007control,
  title={Control of Generalized Error Rates in Multiple Testing},
  author={Romano, Joseph P and Wolf, Michael},
  journal={The Annals of Statistics},
  pages={1378--1408},
  year={2007},
  publisher={JSTOR}
}

@article{lakonishok1994contrarian,
  title={Contrarian investment, extrapolation, and risk},
  author={Lakonishok, Josef and Shleifer, Andrei and Vishny, Robert W},
  journal={The journal of finance},
  volume={49},
  number={5},
  pages={1541--1578},
  year={1994},
  publisher={Wiley Online Library}
}

@article{peng2005learning,
  title={Learning with information capacity constraints},
  author={Peng, Lin},
  journal={Journal of Financial and Quantitative Analysis},
  volume={40},
  number={2},
  pages={307--329},
  year={2005},
  publisher={Cambridge University Press}
}

@techreport{didisheim2023complexity,
  title={Complexity in factor pricing models},
  author={Didisheim, Antoine and Ke, Shikun Barry and Kelly, Bryan T and Malamud, Semyon},
  year={2023},
  institution={National Bureau of Economic Research}
}

@article{kelly2024virtue,
  title={The virtue of complexity in return prediction},
  author={Kelly, Bryan and Malamud, Semyon and Zhou, Kangying},
  journal={The Journal of Finance},
  volume={79},
  number={1},
  pages={459--503},
  year={2024},
  publisher={Wiley Online Library}
}

@article{benjamini2006adaptive,
  title={Adaptive linear step-up procedures that control the false discovery rate},
  author={Benjamini, Yoav and Krieger, Abba M and Yekutieli, Daniel},
  journal={Biometrika},
  volume={93},
  number={3},
  pages={491--507},
  year={2006},
  publisher={Oxford University Press}
}


@article{genovese2004stochastic,
  title={A stochastic process approach to false discovery control},
  author={Genovese, Christopher and Wasserman, Larry},
  journal={The Annals of Statistics},
  volume={32},
  number={3},
  pages={1035--1061},
  year={2004},
  publisher={Institute of Mathematical Statistics}
}


@article{benjamini2000adaptive,
  title={On the adaptive control of the false discovery rate in multiple testing with independent statistics},
  author={Benjamini, Yoav and Hochberg, Yosef},
  journal={Journal of educational and Behavioral Statistics},
  volume={25},
  number={1},
  pages={60--83},
  year={2000},
  publisher={SAGE Publications Sage CA: Los Angeles, CA}
}


@article{allison2002mixture,
  title={A mixture model approach for the analysis of microarray gene expression data},
  author={Allison, David B and Gadbury, Gary L and Heo, Moonseong and Fern{\'a}ndez, Jos{\'e} R and Lee, Cheol-Koo and Prolla, Tomas A and Weindruch, Richard},
  journal={Computational Statistics \& Data Analysis},
  volume={39},
  number={1},
  pages={1--20},
  year={2002},
  publisher={Elsevier}
}



@article{efron2001empirical,
  title={Empirical Bayes analysis of a microarray experiment},
  author={Efron, Bradley and Tibshirani, Robert and Storey, John D and Tusher, Virginia},
  journal={Journal of the American statistical association},
  volume={96},
  number={456},
  pages={1151--1160},
  year={2001},
  publisher={Taylor \& Francis}
}

@techreport{BOBYQA,
  author      = {M. J. D. Powell},
  title       = {The {BOBYQA} algorithm for bound constrained optimization without derivatives},
  institution = {Department of Applied Mathematics and Theoretical Physics, Cambridge University},
  year        = {2009},
  number      = {NA2009/06},
  address     = {Cambridge, UK}
}

@misc{NLopt,
  title = {The {NLopt} nonlinear-optimization package},
  author = {Steven G. Johnson},
  year = {2007},
  howpublished = {\url{https://github.com/stevengj/nlopt}}
}


@Article{ruckdeschel2006s4,
  title = {S4 Classes for Distributions},
  author = {P. Ruckdeschel and M. Kohl and T. Stabla and F.
    Camphausen},
  language = {English},
  journal = {R News},
  year = {2006},
  volume = {6},
  number = {2},
  pages = {2--6},
  month = {May},
  pdf = {https://CRAN.R-project.org/doc/Rnews/Rnews_2006-2.pdf},
}

@book{efron2016computer,
  title={Computer age statistical inference: Data mining, inference and prediction},
  author={Efron, B and Hastie, T},
  year={2016},
  publisher={Cambridge: Cambridge University Press}
}

@article{kim2021causal,
  title={Causal Effect of Information Costs on Asset Pricing Anomalies},
  author={Kim, Yong Hyuck and Ivkovich, Zoran and Muravyev, Dmitriy},
  journal={Available at SSRN 3921785},
  year={2021}
}

@article{yang2021high,
  title={High-throughput methods in the discovery and study of biomaterials and materiobiology},
  author={Yang, Liangliang and Pijuan-Galito, Sara and Rho, Hoon Suk and Vasilevich, Aliaksei S and Eren, Aysegul Dede and Ge, Lu and Habibovic, Pamela and Alexander, Morgan R and de Boer, Jan and Carlier, Aurelie and others},
  journal={Chemical reviews},
  volume={121},
  number={8},
  pages={4561--4677},
  year={2021},
  publisher={ACS Publications}
}

@article{storey2002direct,
  title={A direct approach to false discovery rates},
  author={Storey, John D},
  journal={Journal of the Royal Statistical Society Series B: Statistical Methodology},
  volume={64},
  number={3},
  pages={479--498},
  year={2002},
  publisher={Oxford University Press}
}

@article{chen2022peer,
  title={Peer-reviewed theory does not help predict the cross-section of stock returns},
  author={Chen, Andrew Y and Lopez-Lira, Alejandro and Zimmermann, Tom},
  journal={arXiv preprint arXiv:2212.10317},
  year={2022}
}

@article{bowles2023anomaly,
  title={Anomaly time},
  author={Bowles, Boone and Reed, Adam V and Ringgenberg, Matthew C and Thornock, Jacob R},
  journal={Available at SSRN 3069026},
  year={2023}
}

@article{efron1973stein,
  title={Stein's estimation rule and its competitors-an empirical Bayes approach},
  author={Efron, Bradley and Morris, Carl},
  journal={Journal of the American Statistical Association},
  volume={68},
  number={341},
  pages={117--130},
  year={1973},
  publisher={Taylor \& Francis}
}

@article{robbins1956empirical,
  title={An Empirical Bayes Approach to Statistics},
  author={Robbins, Herbert},
  journal={Proceedings of the Third Berkeley Symposium on Mathematical Statistics and Probability, Volume 1: Contributions to the Theory of Statistics},
  volume={3.1},
  year={1956},
  publisher={JSTOR}
}

@article{mas1977equilibrium,
  title={On the equilibrium price set of an exchange economy},
  author={Mas-Colell, Andreu},
  journal={Journal of Mathematical Economics},
  volume={4},
  number={2},
  pages={117--126},
  year={1977},
  publisher={Citeseer}
}

@article{chen1986economic,
  title={Economic forces and the stock market},
  author={Chen, Nai-Fu and Roll, Richard and Ross, Stephen A},
  journal={Journal of business},
  pages={383--403},
  year={1986},
  publisher={JSTOR}
}



@article{gotofalse,
  title={False Alpha and Missed Alpha: An Out-of-Sample Mining Expedition},
  author={Goto, Shingo and Yamada, Toru},
  year={2022},
  journal={Working Paper}
}

@article{kozak2018interpreting,
  title={Interpreting factor models},
  author={Kozak, Serhiy and Nagel, Stefan and Santosh, Shrihari},
  journal={The Journal of Finance},
  volume={73},
  number={3},
  pages={1183--1223},
  year={2018},
  publisher={Wiley Online Library}
}

@article{hou2015digesting,
  title={Digesting anomalies: An investment approach},
  author={Hou, Kewei and Xue, Chen and Zhang, Lu},
  journal={The Review of Financial Studies},
  volume={28},
  number={3},
  pages={650--705},
  year={2015},
  publisher={Oxford University Press}
}

@article{berk1999optimal,
  title={Optimal investment, growth options, and security returns},
  author={Berk, Jonathan B and Green, Richard C and Naik, Vasant},
  journal={The Journal of finance},
  volume={54},
  number={5},
  pages={1553--1607},
  year={1999},
  publisher={Wiley Online Library}
}

@article{gomes2003equilibrium,
  title={Equilibrium cross section of returns},
  author={Gomes, Joao and Kogan, Leonid and Zhang, Lu},
  journal={Journal of Political Economy},
  volume={111},
  number={4},
  pages={693--732},
  year={2003},
  publisher={The University of Chicago Press}
}

@article{merton1973intertemporal,
  title={An intertemporal capital asset pricing model},
  author={Merton, Robert C},
  journal={Econometrica: Journal of the Econometric Society},
  pages={867--887},
  year={1973},
  publisher={JSTOR}
}

@article{garleanu2018efficiently,
  title={Efficiently inefficient markets for assets and asset management},
  author={G{\^a}rleanu, Nicolae and Pedersen, Lasse Heje},
  journal={The Journal of Finance},
  volume={73},
  number={4},
  pages={1663--1712},
  year={2018},
  publisher={Wiley Online Library}
}

@article{lo2004adaptive,
  title={The adaptive markets hypothesis},
  author={Lo, Andrew W},
  journal={The Journal of Portfolio Management},
  volume={30},
  number={5},
  pages={15--29},
  year={2004},
  publisher={Institutional Investor Journals Umbrella}
}

@article{haugen1996commonality,
  title={Commonality in the determinants of expected stock returns},
  author={Haugen, Robert A and Baker, Nardin L},
  journal={Journal of financial economics},
  volume={41},
  number={3},
  pages={401--439},
  year={1996},
  publisher={Elsevier}
}


@article{soliman2008use,
  title={The use of DuPont analysis by market participants},
  author={Soliman, Mark T},
  journal={The Accounting Review},
  volume={83},
  number={3},
  pages={823--853},
  year={2008}
}


@article{abarbanell1998abnormal,
  title={Abnormal returns to a fundamental analysis strategy},
  author={Abarbanell, Jeffery S and Bushee, Brian J},
  journal={Accounting Review},
  pages={19--45},
  year={1998},
  publisher={JSTOR}
}


@article{barry1984differential,
  title={Differential information and the small firm effect},
  author={Barry, Christopher B and Brown, Stephen J},
  journal={Journal of financial economics},
  volume={13},
  number={2},
  pages={283--294},
  year={1984},
  publisher={Elsevier}
}


@article{frazzini2014betting,
  title={Betting against beta},
  author={Frazzini, Andrea and Pedersen, Lasse Heje},
  journal={Journal of Financial Economics},
  volume={111},
  number={1},
  pages={1--25},
  year={2014},
  publisher={Elsevier}
}


@article{lewellen2011institutional,
  title={Institutional investors and the limits of arbitrage},
  author={Lewellen, Jonathan},
  journal={Journal of Financial Economics},
  volume={102},
  number={1},
  pages={62--80},
  year={2011},
  publisher={Elsevier}
}

@article{mclean2020taking,
  title={Taking sides on return predictability},
  author={McLean, R David and Pontiff, Jeffrey and Reilly, Christopher},
  journal={Georgetown McDonough School of Business Research Paper},
  number={3637649},
  year={2020}
}

@article{edelen2016institutional,
  title={Institutional investors and stock return anomalies},
  author={Edelen, Roger M and Ince, Ozgur S and Kadlec, Gregory B},
  journal={Journal of Financial Economics},
  volume={119},
  number={3},
  pages={472--488},
  year={2016},
  publisher={Elsevier}
}

@article{calluzzo2019anomalies,
  title={When anomalies are publicized broadly, do institutions trade accordingly?},
  author={Calluzzo, Paul and Moneta, Fabio and Topaloglu, Selim},
  journal={Management Science},
  volume={65},
  number={10},
  pages={4555--4574},
  year={2019},
  publisher={INFORMS}
}

@article{shiller2003efficient,
  title={From efficient markets theory to behavioral finance},
  author={Shiller, Robert J},
  journal={Journal of economic perspectives},
  volume={17},
  number={1},
  pages={83--104},
  year={2003}
}

@article{fama1970efficient,
  title={Efficient capital markets: A review of theory and empirical work},
  author={Fama, Eugene F},
  journal={The journal of Finance},
  volume={25},
  number={2},
  pages={383--417},
  year={1970},
  publisher={JSTOR}
}

@article{roll1977critique,
  title={A critique of the asset pricing theory's tests Part I: On past and potential testability of the theory},
  author={Roll, Richard},
  journal={Journal of financial economics},
  volume={4},
  number={2},
  pages={129--176},
  year={1977},
  publisher={Elsevier}
}

@article{sonnenschein1972market,
  title={Market excess demand functions},
  author={Sonnenschein, Hugo},
  journal={Econometrica: Journal of the Econometric Society},
  pages={549--563},
  year={1972},
  publisher={JSTOR}
}

@article{rizvi2006sonnenschein,
  title={The Sonnenschein-Mantel-Debreu results after thirty years},
  author={Rizvi, S Abu Turab},
  journal={History of Political Economy},
  volume={38},
  number={Suppl\_1},
  pages={228--245},
  year={2006},
  publisher={Citeseer}
}

@article{hartzmark2013dividend,
  title={The dividend month premium},
  author={Hartzmark, Samuel M and Solomon, David H},
  journal={Journal of Financial Economics},
  volume={109},
  number={3},
  pages={640--660},
  year={2013},
  publisher={Elsevier}
}

@article{yan2011jump,
  title={Jump risk, stock returns, and slope of implied volatility smile},
  author={Yan, Shu},
  journal={Journal of Financial Economics},
  volume={99},
  number={1},
  pages={216--233},
  year={2011},
  publisher={Elsevier}
}

@article{chen2022publication,
  title={Publication Bias in Asset Pricing Research},
  author={Chen, Andrew Y and Zimmermann, Tom},
  journal={arXiv preprint arXiv:2209.13623},
  year={2022}
}

@article{zaffaroni2022asset,
  title={Asset Pricing: Cross-section Predictability},
  author={Zaffaroni, Paolo and Zhou, Guofu},
  journal={Available at SSRN 4111428},
  year={2022}
}

@book{bali2016empirical,
  title={Empirical asset pricing: The cross section of stock returns},
  author={Bali, Turan G and Engle, Robert F and Murray, Scott},
  year={2016},
  publisher={John Wiley \& Sons}
}

@article{moritz2016tree,
  title={Tree-based conditional portfolio sorts: The relation between past and future stock returns},
  author={Moritz, Benjamin and Zimmermann, Tom},
  journal={Available at SSRN 2740751},
  year={2016}
}


@article{freyberger2021missing,
  title={Missing Data in Asset Pricing Panels},
  author={Freyberger, Joachim and H{\"o}ppner, Bj{\"o}rn and Neuhierl, Andreas and Weber, Michael},
  journal={Available at SSRN},
  year={2021}
}


@article{zhang2005value,
  title={The value premium},
  author={Zhang, Lu},
  journal={The Journal of Finance},
  volume={60},
  number={1},
  pages={67--103},
  year={2005},
  publisher={Wiley Online Library}
}

@book{back2010asset,
  title={Asset pricing and portfolio choice theory},
  author={Back, Kerry},
  year={2010},
  publisher={Oxford University Press}
}


@book{mcculloch2004generalized,
  title={Generalized, linear, and mixed models},
  author={McCulloch, Charles E and Searle, Shayle R},
  year={2004},
  publisher={John Wiley \& Sons}
}

@article{hand1998data,
  title={Data mining: statistics and more?},
  author={Hand, David J},
  journal={The American Statistician},
  volume={52},
  number={2},
  pages={112--118},
  year={1998},
  publisher={Taylor \& Francis}
}

@article{alter2006predicting,
  title={Predicting short-term stock fluctuations by using processing fluency},
  author={Alter, Adam L and Oppenheimer, Daniel M},
  journal={Proceedings of the National Academy of Sciences},
  volume={103},
  number={24},
  pages={9369--9372},
  year={2006},
  publisher={National Acad Sciences}
}



@book{friedman2016elements,
  title={The Elements of Statistical Learning: Data Mining, Inference, and Prediction},
  author={Friedman, Jerome and Hastie, Trevor and Tibshirani, Robert and others},
  volume={1},
  number={10},
  year={2016},
  publisher={Springer series in statistics New York}
}



@article{linnainmaa2018history,
  title={The history of the cross-section of stock returns},
  author={Linnainmaa, Juhani T and Roberts, Michael R},
  journal={The Review of Financial Studies},
  volume={31},
  number={7},
  pages={2606--2649},
  year={2018},
  publisher={Oxford University Press}
}

@article{klamer2002attention,
  title={Attention and the art of scientific publishing},
  author={Klamer, Arjo and Dalen, Hendrik P van},
  journal={Journal of economic methodology},
  volume={9},
  number={3},
  pages={289--315},
  year={2002},
  publisher={Taylor \& Francis}
}

@article{frankel2022findings,
  title={Which findings should be published?},
  author={Frankel, Alexander and Kasy, Maximilian},
  journal={American Economic Journal: Microeconomics},
  volume={14},
  number={1},
  pages={1--38},
  year={2022}
}

@book{cochrane2009asset,
  title={Asset pricing: Revised edition},
  author={Cochrane, John H},
  year={2009},
  publisher={Princeton university press}
}

 
@misc{treynor1962,
  title={Toward a Theory of Market Value of Risky Assets},
  author={Treynor, Jack L},
  journal={Unpublished Manuscript},
  year={1962},
  note = {Final version in Asset Pricing and Portfolio Performance, 1999}
}


@article{kyle1985continuous,
  title={Continuous auctions and insider trading},
  author={Kyle, Albert S},
  journal={Econometrica: Journal of the Econometric Society},
  pages={1315--1335},
  year={1985},
  publisher={JSTOR}
}

@article{benjamini2008comment,
  title={Comment: Microarrays, Empirical Bayes and the Two-Groups Model},
  author={Benjamini, Yoav},
  journal={Statisical Science},
  volume={23},
  number={1},
  pages={23--28},
  year={2008}
}

@article{campbell2008search,
  title={In search of distress risk},
  author={Campbell, John Y and Hilscher, Jens and Szilagyi, Jan},
  journal={The Journal of Finance},
  volume={63},
  number={6},
  pages={2899--2939},
  year={2008},
  publisher={Wiley Online Library}
}

@article{card2020editors,
  title={What do editors maximize? Evidence from four economics journals},
  author={Card, David and DellaVigna, Stefano},
  journal={Review of Economics and Statistics},
  volume={102},
  number={1},
  pages={195--217},
  year={2020},
  publisher={MIT Press One Rogers Street, Cambridge, MA 02142-1209, USA journals-info~…}
}

@article{delong1992all,
  title={Are all economic hypotheses false?},
  author={De Long, J Bradford and Lang, Kevin},
  journal={Journal of Political Economy},
  volume={100},
  number={6},
  pages={1257--1272},
  year={1992},
  publisher={The University of Chicago Press}
}

@article{doucouliagos2013all,
  title={Are all economic facts greatly exaggerated? Theory competition and selectivity},
  author={Doucouliagos, Chris and Stanley, Tom D},
  journal={Journal of Economic surveys},
  volume={27},
  number={2},
  pages={316--339},
  year={2013},
  publisher={Wiley Online Library}
}

@article{brodeur2016star,
  title={Star wars: The empirics strike back},
  author={Brodeur, Abel and L{\'e}, Mathias and Sangnier, Marc and Zylberberg, Yanos},
  journal={American Economic Journal: Applied Economics},
  volume={8},
  number={1},
  pages={1--32},
  year={2016}
}

@article{akerlof2018persistence,
  title={Persistence of false paradigms in low-power sciences},
  author={Akerlof, George A and Michaillat, Pascal},
  journal={Proceedings of the National Academy of Sciences},
  volume={115},
  number={52},
  pages={13228--13233},
  year={2018},
  publisher={National Acad Sciences}
}

@book{kuhn1962structure,
  title={The structure of scientific revolutions},
  author={Kuhn, Thomas S},
  volume={111},
  year={1962},
  publisher={Chicago University of Chicago Press}
}

@article{rubin2021systematic,
  title={Systematic bias in the progress of research},
  author={Rubin, Amir and Rubin, Eran},
  journal={Journal of Political Economy},
  volume={129},
  number={9},
  pages={2666--2719},
  year={2021},
  publisher={The University of Chicago Press Chicago, IL}
}

@article{peng2011reproducible,
  title={Reproducible research in computational science},
  author={Peng, Roger D},
  journal={Science},
  volume={334},
  number={6060},
  pages={1226--1227},
  year={2011},
  publisher={American Association for the Advancement of Science}
}

@article{kenett2015clarifying,
  title={Clarifying the terminology that describes scientific reproducibility},
  author={Kenett, Ron S and Shmueli, Galit},
  journal={Nature methods},
  volume={12},
  number={8},
  pages={699--699},
  year={2015},
  publisher={Nature Publishing Group}
}

@article{muth1961rational,
  title={Rational expectations and the theory of price movements},
  author={Muth, John F},
  journal={Econometrica: Journal of the Econometric Society},
  pages={315--335},
  year={1961},
  publisher={JSTOR}
}

@article{patil2019visual,
  title={A visual tool for defining reproducibility and replicability},
  author={Patil, Prasad and Peng, Roger D and Leek, Jeffrey T},
  journal={Nature human behaviour},
  volume={3},
  number={7},
  pages={650--652},
  year={2019},
  publisher={Nature Publishing Group}
}

@article{foster1984earnings,
  title={Earnings releases, anomalies, and the behavior of security returns},
  author={Foster, George and Olsen, Chris and Shevlin, Terry},
  journal={Accounting Review},
  pages={574--603},
  year={1984},
  publisher={JSTOR}
}

@article{goodman2007most,
  title={Why most published research findings are false: problems in the analysis},
  author={Goodman, Steven and Greenland, Sander},
  journal={PLoS medicine},
  volume={4},
  number={4},
  pages={e168},
  year={2007},
  publisher={Public Library of Science San Francisco, USA}
}

@article{lettau2020factors,
  title={Factors that fit the time series and cross-section of stock returns},
  author={Lettau, Martin and Pelger, Markus},
  journal={The Review of Financial Studies},
  volume={33},
  number={5},
  pages={2274--2325},
  year={2020},
  publisher={Oxford University Press}
}

@article{mccracken2007asymptotics,
  title={Asymptotics for out of sample tests of Granger causality},
  author={McCracken, Michael W},
  journal={Journal of econometrics},
  volume={140},
  number={2},
  pages={719--752},
  year={2007},
  publisher={Elsevier}
}

@article{goyal2003predicting,
  title={Predicting the equity premium with dividend ratios},
  author={Goyal, Amit and Welch, Ivo},
  journal={Management Science},
  volume={49},
  number={5},
  pages={639--654},
  year={2003},
  publisher={INFORMS}
}

@article{open2015estimating,
  title={Estimating the reproducibility of psychological science},
  author={{Open Science Collaboration}},
  journal={Science},
  volume={349},
  number={6251},
  pages={aac4716},
  year={2015},
  publisher={American Association for the Advancement of Science}
}

@article{fanelli2009many,
  title={How many scientists fabricate and falsify research? A systematic review and meta-analysis of survey data},
  author={Fanelli, Daniele},
  journal={PloS one},
  volume={4},
  number={5},
  pages={e5738},
  year={2009},
  publisher={Public Library of Science San Francisco, USA}
}

@article{klein2014investigating,
  title={Investigating variation in replicability: A “many labs” replication project.},
  author={Klein, Richard A and Ratliff, Kate A and Vianello, Michelangelo and Adams Jr, Reginald B and Bahn{\'\i}k, {\v{S}}t{\v{e}}p{\'a}n and Bernstein, Michael J and Bocian, Konrad and Brandt, Mark J and Brooks, Beach and Brumbaugh, Claudia Chloe and others},
  journal={Social psychology},
  volume={45},
  number={3},
  pages={142},
  year={2014},
  publisher={Hogrefe Publishing}
}

@article{fan2012estimating,
  title={Estimating false discovery proportion under arbitrary covariance dependence},
  author={Fan, Jianqing and Han, Xu and Gu, Weijie},
  journal={Journal of the American Statistical Association},
  volume={107},
  number={499},
  pages={1019--1035},
  year={2012},
  publisher={Taylor \& Francis}
}

@article{wasserman2012estimating,
  title={Comment on “Estimating False Discovery Proportion Under Arbitrary Covariance Dependence” by Fan et al.},
  author={Wasserman, Larry},
  journal={Journal of the American Statistical Association},
  volume={107},
  number={499},
  pages={1035--1036},
  year={2012}
}

@article{storey2011false,
  title={False Discovery Rate.},
  author={Storey, John D},
  journal={International encyclopedia of statistical science},
  volume={1},
  pages={504--508},
  year={2011}
}

@article{head2015extent,
  title={The extent and consequences of p-hacking in science},
  author={Head, Megan L and Holman, Luke and Lanfear, Rob and Kahn, Andrew T and Jennions, Michael D},
  journal={PLoS biology},
  volume={13},
  number={3},
  pages={e1002106},
  year={2015},
  publisher={Public Library of Science}
}


@article{mcshane2019abandon,
  title={Abandon statistical significance},
  author={McShane, Blakeley B and Gal, David and Gelman, Andrew and Robert, Christian and Tackett, Jennifer L},
  journal={The American Statistician},
  volume={73},
  number={sup1},
  pages={235--245},
  year={2019},
  publisher={Taylor \& Francis}
}

@article{leek2017most,
  title={Is most published research really false?},
  author={Leek, Jeffrey T and Jager, Leah R},
  journal={Annual Review of Statistics and Its Application},
  volume={4},
  pages={109--122},
  year={2017},
  publisher={Annual Reviews}
}

@article{fanelli2018science,
  title={Is science really facing a reproducibility crisis, and do we need it to?},
  author={Fanelli, Daniele},
  journal={Proceedings of the National Academy of Sciences},
  volume={115},
  number={11},
  pages={2628--2631},
  year={2018},
  publisher={National Acad Sciences}
}

@article{jager2014estimate,
  title={An estimate of the science-wise false discovery rate and application to the top medical literature},
  author={Jager, Leah R and Leek, Jeffrey T},
  journal={Biostatistics},
  volume={15},
  number={1},
  pages={1--12},
  year={2014},
  publisher={Oxford University Press}
}

@article{soric1989statistical,
  title={Statistical “discoveries” and effect-size estimation},
  author={Sori{\'c}, Branko},
  journal={Journal of the American Statistical Association},
  volume={84},
  number={406},
  pages={608--610},
  year={1989},
  publisher={Taylor \& Francis}
}


@book{analects,
  title={Analects},
  author={Confucius},
  year={1971},
  publisher={Courier Corporation},
  note={Translated by James Legge in 1971}
}

@article{chan2001stock,
  title={The stock market valuation of research and development expenditures},
  author={Chan, Louis KC and Lakonishok, Josef and Sougiannis, Theodore},
  journal={The Journal of finance},
  volume={56},
  number={6},
  pages={2431--2456},
  year={2001},
  publisher={Wiley Online Library}
}

@article{briere2019stock,
  title={Stock market liquidity and the trading costs of asset pricing anomalies},
  author={Briere, Marie and Lehalle, Charles-Albert and Nefedova, Tamara and Raboun, Amine},
  journal={Universit{\'e} Paris-Dauphine Research Paper},
  number={3380239},
  year={2019}
}

@article{mayshar1979transaction,
  title={Transaction costs in a model of capital market equilibrium},
  author={Mayshar, Joram},
  journal={Journal of Political Economy},
  volume={87},
  number={4},
  pages={673--700},
  year={1979},
  publisher={The University of Chicago Press}
}

@incollection{stoll2003market,
  title={Market microstructure},
  author={Stoll, Hans R},
  booktitle={Handbook of the Economics of Finance},
  volume={1},
  pages={553--604},
  year={2003},
  publisher={Elsevier}
}

@article{constantinides1986capital,
  title={Capital Market Equilibrium with Transaction Costs},
  author={Constantinides, George M},
  journal={Journal of Political Economy},
  volume={94},
  number={4},
  pages={842--862},
  year={1986},
  publisher={The University of Chicago Press}
}

@article{pontiff1996costly,
  title={Costly arbitrage: Evidence from closed-end funds},
  author={Pontiff, Jeffrey},
  journal={The Quarterly Journal of Economics},
  volume={111},
  number={4},
  pages={1135--1151},
  year={1996},
  publisher={MIT Press}
}

@article{colacito2016skewness,
  title={Skewness in expected macro fundamentals and the predictability of equity returns: Evidence and theory},
  author={Colacito, Riccardo and Ghysels, Eric and Meng, Jinghan and Siwasarit, Wasin},
  journal={The Review of Financial Studies},
  volume={29},
  number={8},
  pages={2069--2109},
  year={2016},
  publisher={Society for Financial Studies}
}

@article{efron2011tweedie,
  title={Tweedie's formula and selection bias},
  author={Efron, Bradley},
  journal={Journal of the American Statistical Association},
  volume={106},
  number={496},
  pages={1602--1614},
  year={2011},
  publisher={Taylor \& Francis}
}

@article{senn2008note,
  title={A note concerning a selection “paradox” of Dawid's},
  author={Senn, Stephen},
  journal={The American Statistician},
  volume={62},
  number={3},
  pages={206--210},
  year={2008},
  publisher={Taylor \& Francis}
}

@article{perold1988implementation,
  title={The implementation shortfall: Paper versus reality},
  author={Perold, Andre F},
  journal={Journal of Portfolio Management},
  volume={14},
  number={3},
  pages={4},
  year={1988},
  publisher={Pageant Media}
}

@article{francis2004costs,
  title={Costs of equity and earnings attributes},
  author={Francis, Jennifer and LaFond, Ryan and Olsson, Per M and Schipper, Katherine},
  journal={The accounting review},
  volume={79},
  number={4},
  pages={967--1010},
  year={2004}
}


@article{belo2014brand,
  title={Brand capital and firm value},
  author={Belo, Frederico and Lin, Xiaoji and Vitorino, Maria Ana},
  journal={Review of Economic Dynamics},
  volume={17},
  number={1},
  pages={150--169},
  year={2014},
  publisher={Elsevier}
}


@article{berry2017assessing,
  title={Assessing the rate of replication in economics},
  author={Berry, James and Coffman, Lucas C and Hanley, Douglas and Gihleb, Rania and Wilson, Alistair J},
  journal={American Economic Review},
  volume={107},
  number={5},
  pages={27--31},
  year={2017}
}

@article{shleifer1997limits,
  title={The limits of arbitrage},
  author={Shleifer, Andrei and Vishny, Robert W},
  journal={The Journal of finance},
  volume={52},
  number={1},
  pages={35--55},
  year={1997},
  publisher={Wiley Online Library}
}

@article{ball1995problems,
  title={Problems in measuring portfolio performance An application to contrarian investment strategies},
  author={Ball, Ray and Kothari, SP and Shanken, Jay},
  journal={Journal of Financial Economics},
  volume={38},
  number={1},
  pages={79--107},
  year={1995},
  publisher={North-Holland}
}

@article{korajczyk2004momentum,
  title={Are momentum profits robust to trading costs?},
  author={Korajczyk, Robert A and Sadka, Ronnie},
  journal={The Journal of Finance},
  volume={59},
  number={3},
  pages={1039--1082},
  year={2004},
  publisher={Wiley Online Library}
}

@article{lesmond2004illusory,
  title={The illusory nature of momentum profits},
  author={Lesmond, David A and Schill, Michael J and Zhou, Chunsheng},
  journal={Journal of financial economics},
  volume={71},
  number={2},
  pages={349--380},
  year={2004},
  publisher={Elsevier}
}


@inproceedings{ke2018cross,
  title={Cross-Country Differences in Household Stock Market Participation: The Role of Gender Norms},
  author={Ke, Da},
  booktitle={AEA Papers and Proceedings},
  volume={108},
  pages={159--162},
  year={2018},
  organization={JSTOR}
}

@article{marquering2006disappearing,
  title={Disappearing anomalies: a dynamic analysis of the persistence of anomalies},
  author={Marquering, Wessel and Nisser, Johan and Valla, Toni},
  journal={Applied financial economics},
  volume={16},
  number={4},
  pages={291--302},
  year={2006},
  publisher={Taylor \& Francis}
}

@article{palazzo2012cash,
  title={Cash holdings, risk, and expected returns},
  author={Palazzo, Berardino},
  journal={Journal of Financial Economics},
  volume={104},
  number={1},
  pages={162--185},
  year={2012},
  publisher={Elsevier}
}


@article{banz1981relationship,
  title={The relationship between return and market value of common stocks},
  author={Banz, Rolf W},
  journal={Journal of financial economics},
  volume={9},
  number={1},
  pages={3--18},
  year={1981},
  publisher={Elsevier}
}

@article{rosenberg1985persuasive,
  title={Persuasive evidence of market inefficiency},
  author={Rosenberg, Barr and Reid, Kenneth and Lanstein, Ronald},
  journal={The Journal of Portfolio Management},
  volume={11},
  number={3},
  pages={9--16},
  year={1985},
  publisher={Institutional Investor Journals Umbrella}
}


@article{chen2022zeroing,
  title={Zeroing in on the Expected Returns of Anomalies},
  author={Chen, Andrew Y and Velikov, Mihail},
  journal={Journal of Financial and Quantitative Analysis},
  year={2022}
}

@article{fama2008dissecting,
  title={Dissecting anomalies},
  author={Fama, Eugene F and French, Kenneth R},
  journal={The Journal of Finance},
  volume={63},
  number={4},
  pages={1653--1678},
  year={2008},
  publisher={Wiley Online Library}
}

@article{benjamini2005false,
  title={False discovery rate--adjusted multiple confidence intervals for selected parameters},
  author={Benjamini, Yoav and Yekutieli, Daniel},
  journal={Journal of the American Statistical Association},
  volume={100},
  number={469},
  pages={71--81},
  year={2005},
  publisher={Taylor \& Francis}
}


@article{holm1979simple,
  title={A simple sequentially rejective multiple test procedure},
  author={Holm, Sture},
  journal={Scandinavian journal of statistics},
  pages={65--70},
  year={1979},
  publisher={JSTOR}
}

@article{chinco2021estimating,
  title={Estimating the anomaly base rate},
  author={Chinco, Alex and Neuhierl, Andreas and Weber, Michael},
  journal={Journal of financial economics},
  volume={140},
  number={1},
  pages={101--126},
  year={2021},
  publisher={Elsevier}
}

@article{heath2020reusing,
  title={Reusing natural experiments},
  author={Heath, Davidson and Ringgenberg, Matthew C and Samadi, Mehrdad and Werner, Ingrid M},
  year={Forthcoming},
  journal = {Journal of Finance}
}


@article{ferreira2006benjamini,
  title={On the benjamini--hochberg method},
  author={Ferreira, JA and Zwinderman, AH},
  journal={The Annals of Statistics},
  volume={34},
  number={4},
  pages={1827--1849},
  year={2006},
  publisher={Institute of Mathematical Statistics}
}


@article{genovese2006false,
  title={False discovery control with p-value weighting},
  author={Genovese, Christopher R and Roeder, Kathryn and Wasserman, Larry},
  journal={Biometrika},
  volume={93},
  number={3},
  pages={509--524},
  year={2006},
  publisher={Oxford University Press}
}


@article{reiner2007fdr,
  title={FDR control by the BH procedure for two-sided correlated tests with implications to gene expression data analysis},
  author={Reiner-Benaim, Anat},
  journal={Biometrical Journal},
  volume={49},
  number={1},
  pages={107--126},
  year={2007},
  publisher={Wiley Online Library}
}


@article{farcomeni2007some,
  title={Some results on the control of the false discovery rate under dependence},
  author={Farcomeni, Alessio},
  journal={Scandinavian Journal of Statistics},
  volume={34},
  number={2},
  pages={275--297},
  year={2007},
  publisher={Wiley Online Library}
}


@article{benjamini2020selective,
  title={Selective inference: The silent killer of replicability},
  author={Benjamini, Yoav},
  year={2020},
  publisher={PubPub}
}



@article{stigler19901988,
  title={The 1988 Neyman memorial lecture: a Galtonian perspective on shrinkage estimators},
  author={Stigler, Stephen M},
  journal={Statistical Science},
  pages={147--155},
  year={1990},
  publisher={JSTOR}
}

@article{cochrane2005risk,
  title={The risk and return of venture capital},
  author={Cochrane, John H},
  journal={Journal of financial economics},
  volume={75},
  number={1},
  pages={3--52},
  year={2005},
  publisher={Elsevier}
}

@article{stigler2008fisher,
  title={Fisher and the 5\% level},
  author={Stigler, Stephen},
  journal={Chance},
  volume={21},
  number={4},
  pages={12--12},
  year={2008},
  publisher={Springer}
}

@article{hamermesh2007replication,
  title={Replication in economics},
  author={Hamermesh, Daniel S},
  journal={Canadian Journal of Economics/Revue canadienne d'{\'e}conomique},
  volume={40},
  number={3},
  pages={715--733},
  year={2007},
  publisher={Wiley Online Library}
}



@article{fisher1925statistical,
  title={Statistical methods for research workers.},
  author={Fisher, RA},
  year={1925},
  publisher={Stechert}
}


@article{daniel1997measuring,
  title={Measuring mutual fund performance with characteristic-based benchmarks},
  author={Daniel, Kent and Grinblatt, Mark and Titman, Sheridan and Wermers, Russ},
  journal={The Journal of finance},
  volume={52},
  number={3},
  pages={1035--1058},
  year={1997},
  publisher={Wiley Online Library}
}

@article{fama1993common,
  title={Common risk factors in the returns on stocks and bonds},
  author={Fama, Eugene F and French, Kenneth R},
  journal={Journal of financial economics},
  volume={33},
  number={1},
  pages={3--56},
  year={1993},
  publisher={Elsevier}
}

@article{fama1992cross,
  title={The cross-section of expected stock returns},
  author={Fama, Eugene F and French, Kenneth R},
  journal={the Journal of Finance},
  volume={47},
  number={2},
  pages={427--465},
  year={1992},
  publisher={Wiley Online Library}
}

@article{ogrady2021,
 author  = {O'Grady, Cathleen},
 date    = {2021-08-24},
 title   = {Fraudulent data raise questions about superstar honesty researcher},
 journal = {Science},
 url     = {https://www.science.org/content/article/fraudulent-data-set-raise-questions-about-superstar-honesty-researcher},
 urldate = {2022-08-20},
 year = 2021
}

@article{novy2015taxonomy,
    author = {Novy-Marx, Robert and Velikov, Mihail},
    title = "{A Taxonomy of Anomalies and Their Trading Costs}",
    journal = {The Review of Financial Studies},
    volume = {29},
    number = {1},
    pages = {104-147},
    year = {2015},
}

@article{DeMiguel2020transaction,
    author = {DeMiguel, Victor and Martín-Utrera, Alberto and Nogales, Francisco J and Uppal, Raman},
    title = "{A Transaction-Cost Perspective on the Multitude of Firm Characteristics}",
    journal = {The Review of Financial Studies},
    volume = {33},
    number = {5},
    pages = {2180-2222},
    year = {2020}
}


@article{PATTON2020515,
title = {What you see is not what you get: The costs of trading market anomalies},
journal = {Journal of Financial Economics},
volume = {137},
number = {2},
pages = {515-549},
year = {2020},
author = {Andrew J. Patton and Brian M. Weller}
}

@article{hasbrouck2009trading,
  title={Trading costs and returns for US equities: Estimating effective costs from daily data},
  author={Hasbrouck, Joel},
  journal={The Journal of Finance},
  volume={64},
  number={3},
  pages={1445--1477},
  year={2009},
  publisher={Wiley Online Library}
}




@article{miffre2007momentum,
  title={Momentum strategies in commodity futures markets},
  author={Miffre, Jo{\"e}lle and Rallis, Georgios},
  journal={Journal of Banking \& Finance},
  volume={31},
  number={6},
  pages={1863--1886},
  year={2007}
}



@article{menkhoff2012currency,
  title={Currency momentum strategies},
  author={Menkhoff, Lukas and Sarno, Lucio and Schmeling, Maik and Schrimpf, Andreas},
  journal={Journal of Financial Economics},
  volume={106},
  number={3},
  pages={660--684},
  year={2012}
 }



@article{Moskowitz2021Asset,
author = {Moskowitz, Tobias J.},
title = {Asset Pricing and Sports Betting},
journal = {The Journal of Finance},
volume = {76},
number = {6},
pages = {3153-3209},
year = {2021}
}

@article{chang2022economics,
  title={Is Economics Research Replicable? Sixty Published Papers From Thirteen Journals Say “Often Not”},
  author={Chang, Andrew C and Li, Phillip},
  journal={Critical Finance Review},
  volume={11},
  number={1},
  pages={185--206},
  year={2022},
  publisher={Now Publishers, Inc.}
}

@misc{david2004order,
  title={Order statistics. Encyclopedia of Statistical Sciences},
  author={David, HA and Nagaraja, HN},
  year={2004},
  publisher={John Wiley \& Sons: Hoboken, NJ, USA}
}

@article{romano2008formalized,
  title={Formalized data snooping based on generalized error rates},
  author={Romano, Joseph P and Shaikh, Azeem M and Wolf, Michael},
  journal={Econometric Theory},
  volume={24},
  number={2},
  pages={404--447},
  year={2008},
  publisher={Cambridge University Press}
}

@misc{wasserstein2016asa,
  title={The ASA statement on p-values: context, process, and purpose},
  author={Wasserstein, Ronald L and Lazar, Nicole A},
  journal={The American Statistician},
  volume={70},
  number={2},
  pages={129--133},
  year={2016},
  publisher={Taylor \& Francis}
}

@article{harvey2020false,
  title={False (and missed) discoveries in financial economics},
  author={Harvey, Campbell R and Liu, Yan},
  journal={The Journal of Finance},
  volume={75},
  number={5},
  pages={2503--2553},
  year={2020},
  publisher={Wiley Online Library}
}

@article{kosowski2006can,
  title={Can mutual fund “stars” really pick stocks? New evidence from a bootstrap analysis},
  author={Kosowski, Robert and Timmermann, Allan and Wermers, Russ and White, Hal},
  journal={The Journal of finance},
  volume={61},
  number={6},
  pages={2551--2595},
  year={2006},
  publisher={Wiley Online Library}
}

@article{fama2010luck,
  title={Luck versus skill in the cross-section of mutual fund returns},
  author={Fama, Eugene F and French, Kenneth R},
  journal={The journal of finance},
  volume={65},
  number={5},
  pages={1915--1947},
  year={2010},
  publisher={Wiley Online Library}
}

@article{andrews2019identification,
  title={Identification of and correction for publication bias},
  author={Andrews, Isaiah and Kasy, Maximilian},
  journal={American Economic Review},
  volume={109},
  number={8},
  pages={2766--94},
  year={2019}
}

@article{barras2010false,
  title={False discoveries in mutual fund performance: Measuring luck in estimated alphas},
  author={Barras, Laurent and Scaillet, Olivier and Wermers, Russ},
  journal={The journal of finance},
  volume={65},
  number={1},
  pages={179--216},
  year={2010},
  publisher={Wiley Online Library}
}

@inproceedings{benjamini2022s,
  title={It's Not the p-Value's Fault},
  author={Benjamini, Yoav},
  booktitle={2022 Annual Meeting},
  year={2022},
  organization={AAAS}
}

@article{storey2003positive,
  title={The positive false discovery rate: a Bayesian interpretation and the q-value},
  author={Storey, John D},
  journal={The annals of statistics},
  volume={31},
  number={6},
  pages={2013--2035},
  year={2003},
  publisher={Institute of Mathematical Statistics}
}

@article{azevedo2020b,
  title={A/b testing with fat tails},
  author={Azevedo, Eduardo M and Deng, Alex and Montiel Olea, Jos{\'e} Luis and Rao, Justin and Weyl, E Glen},
  journal={Journal of Political Economy},
  volume={128},
  number={12},
  pages={4614--000},
  year={2020},
  publisher={The University of Chicago Press Chicago, IL}
}

@article{chen2022t,
  title={Do t-Statistic Hurdles Need to be Raised?},
  author={Chen, Andrew Y},
  journal={arXiv preprint arXiv:2204.10275},
  year={2023}
}


@article{storey2004strong,
  title={Strong control, conservative point estimation and simultaneous conservative consistency of false discovery rates: a unified approach},
  author={Storey, John D and Taylor, Jonathan E and Siegmund, David},
  journal={Journal of the Royal Statistical Society: Series B (Statistical Methodology)},
  volume={66},
  number={1},
  pages={187--205},
  year={2004},
  publisher={Wiley Online Library}
}

@article{baker2000equity,
  title={The equity share in new issues and aggregate stock returns},
  author={Baker, Malcolm and Wurgler, Jeffrey},
  journal={the Journal of Finance},
  volume={55},
  number={5},
  pages={2219--2257},
  year={2000},
  publisher={Wiley Online Library}
}


@article{efron2002empirical,
  title={Empirical Bayes methods and false discovery rates for microarrays},
  author={Efron, Bradley and Tibshirani, Robert},
  journal={Genetic epidemiology},
  volume={23},
  number={1},
  pages={70--86},
  year={2002},
  publisher={Wiley Online Library}
}

@article{jegadeesh1993returns,
  title={Returns to buying winners and selling losers: Implications for stock market efficiency},
  author={Jegadeesh, Narasimhan and Titman, Sheridan},
  journal={The Journal of finance},
  volume={48},
  number={1},
  pages={65--91},
  year={1993},
  publisher={Wiley Online Library}
}


@article{green2017characteristics,
  title={The characteristics that provide independent information about average US monthly stock returns},
  author={Green, Jeremiah and Hand, John RM and Zhang, X Frank},
  journal={The Review of Financial Studies},
  volume={30},
  number={12},
  pages={4389--4436},
  year={2017},
  publisher={Oxford University Press}
}

@article{benjamini2001control,
  title={The control of the false discovery rate in multiple testing under dependency},
  author={Benjamini, Yoav and Yekutieli, Daniel},
  journal={Annals of statistics},
  pages={1165--1188},
  year={2001},
  publisher={JSTOR}
}

@article{wooldridge1994estimation,
  title={Estimation and inference for dependent processes},
  author={Wooldridge, Jeffrey M},
  journal={Handbook of econometrics},
  volume={4},
  pages={2639--2738},
  year={1994},
  publisher={Elsevier}
}

@article{bessembinder2021time,
  title={Time Series Variation in the Factor Zoo},
  author={Bessembinder, Hendrik and Burt, Aaron and Hrdlicka, Christopher M},
  journal={Aaron Paul and Hrdlicka, Christopher M., Time Series Variation in the Factor Zoo (December 22, 2021)},
  year={2021}
}

@techreport{chen2022missing,
  title={Missing Values and the Dimensionality of Expected Returns},
  author={Chen, Andrew Y and McCoy, Jack and others},
  year={2022}
}

@article{welch2019reproducing,
  title={Reproducing, extending, updating, replicating, reexamining, and reconciling},
  author={Welch, Ivo},
  journal={Critical Finance Review},
  volume={8},
  number={1-2},
  pages={301--304},
  year={2019},
  publisher={now publishers}
}

@incollection{barberis2018psychology,
  title={Psychology-based models of asset prices and trading volume},
  author={Barberis, Nicholas},
  booktitle={Handbook of behavioral economics: applications and foundations 1},
  volume={1},
  pages={79--175},
  year={2018},
  publisher={Elsevier}
}

@article{cochrane2017macro,
  title={Macro-finance},
  author={Cochrane, John H},
  journal={Review of Finance},
  volume={21},
  number={3},
  pages={945--985},
  year={2017},
  publisher={Oxford University Press}
}

@article{green2013supraview,
  title={The supraview of return predictive signals},
  author={Green, Jeremiah and Hand, John RM and Zhang, X Frank},
  journal={Review of Accounting Studies},
  volume={18},
  number={3},
  pages={692--730},
  year={2013},
  publisher={Springer}
}

@article{boudoukh2019long,
  title={Long-horizon predictability: A cautionary tale},
  author={Boudoukh, Jacob and Israel, Ronen and Richardson, Matthew},
  journal={Financial Analysts Journal},
  volume={75},
  number={1},
  pages={17--30},
  year={2019},
  publisher={Taylor \& Francis}
}

@article{ferreira2011forecasting,
  title={Forecasting stock market returns: The sum of the parts is more than the whole},
  author={Ferreira, Miguel A and Santa-Clara, Pedro},
  journal={Journal of Financial Economics},
  volume={100},
  number={3},
  pages={514--537},
  year={2011}
}

@article{Pettenuzzo2014Forecasting,
title = {Forecasting stock returns under economic constraints},
journal = {Journal of Financial Economics},
volume = {114},
number = {3},
pages = {517-553},
year = {2014},
author = {Davide Pettenuzzo and Allan Timmermann and Rossen Valkanov}
}

@incollection{Rapach2013Forecasting,
title = {Chapter 6 - Forecasting Stock Returns},
editor = {Graham Elliott and Allan Timmermann},
series = {Handbook of Economic Forecasting},
publisher = {Elsevier},
volume = {2},
pages = {328-383},
year = {2013},
booktitle = {Handbook of Economic Forecasting},
author = {David Rapach and Guofu Zhou},
}

@misc {Rapach2022AssetPricing,
      author = "David E. Rapach and Guofu Zhou",
      title = "Asset Pricing: Time-Series Predictability",
      year = "2022",
      month = "06",
      publisher = "Oxford University Press"
}

@article{kelly2014tail,
  title={Tail risk and asset prices},
  author={Kelly, Bryan and Jiang, Hao},
  journal={The Review of Financial Studies},
  volume={27},
  number={10},
  pages={2841--2871},
  year={2014},
  publisher={Oxford University Press}
}

@article{hsu2005reexamining,
  title={Reexamining the profitability of technical analysis with data snooping checks},
  author={Hsu, Po-Hsuan and Kuan, Chung-Ming},
  journal={Journal of Financial Econometrics},
  volume={3},
  number={4},
  pages={606--628},
  year={2005},
  publisher={Oxford University Press}
}

@article{szakmary2010trend,
  title={Trend-following trading strategies in commodity futures: A re-examination},
  author={Szakmary, Andrew C and Shen, Qian and Sharma, Subhash C},
  journal={Journal of Banking \& Finance},
  volume={34},
  number={2},
  pages={409--426},
  year={2010},
  publisher={Elsevier}
}

@article{brock1992simple,
  title={Simple technical trading rules and the stochastic properties of stock returns},
  author={Brock, William and Lakonishok, Josef and LeBaron, Blake},
  journal={The Journal of finance},
  volume={47},
  number={5},
  pages={1731--1764},
  year={1992},
  publisher={Wiley Online Library}
}
@article{chen2022most,
  title={Most claimed statistical findings in cross-sectional return predictability are likely true},
  author={Chen, Andrew Y},
  journal={arXiv preprint arXiv:2206.15365},
  year={2022}
}

@article{harvey2021uncovering,
  title={Uncovering the iceberg from its tip: A model of publication bias and p-hacking},
  author={Harvey, Campbell R and Liu, Yan},
  journal={Available at SSRN 3865813},
  year={2021}
}

@article{james1961estimation,
  title={Estimation with quadratic loss},
  author={Stein, Charles},
  year={1961},
  journal={Proceedings of Fourth Berkeley Symp. Math. Statist. Prob.}
}

@article{harvey2016and,
  title={... and the cross-section of expected returns},
  author={Harvey, Campbell R and Liu, Yan and Zhu, Heqing},
  journal={The Review of Financial Studies},
  volume={29},
  number={1},
  pages={5--68},
  year={2016},
  publisher={Oxford University Press}
}

@article{benjamini1995controlling,
  title={Controlling the false discovery rate: a practical and powerful approach to multiple testing},
  author={Benjamini, Yoav and Hochberg, Yosef},
  journal={Journal of the Royal statistical society: series B (Methodological)},
  volume={57},
  number={1},
  pages={289--300},
  year={1995},
  publisher={Wiley Online Library}
}

@article{goetzmann2018momentum,
  title={Momentum in imperial Russia},
  author={Goetzmann, William N and Huang, Simon},
  journal={Journal of Financial Economics},
  volume={130},
  number={3},
  pages={579--591},
  year={2018}
}

@article{mehra1985equity,
  title={The equity premium: A puzzle},
  author={Mehra, Rajnish and Prescott, Edward C},
  journal={Journal of monetary Economics},
  volume={15},
  number={2},
  pages={145--161},
  year={1985},
  publisher={Elsevier}
}

@techreport{cao2020talk,
  title={How to talk when a machine is listening: Corporate disclosure in the age of AI},
  author={Cao, Sean and Jiang, Wei and Yang, Baozhong and Zhang, Alan L},
  year={2020},
  institution={National Bureau of Economic Research}
}


@article{chen2020publication,
  title={Publication bias and the cross-section of stock returns},
  author={Chen, Andrew Y and Zimmermann, Tom},
  journal={The Review of Asset Pricing Studies},
  volume={10},
  number={2},
  pages={249--289},
  year={2020},
  publisher={Oxford University Press}
}

@misc{chen2018publication,
  title={Publication bias and the cross-section of stock returns},
  author={Chen, Andrew Y and Zimmermann, Tom},
  journal={FEDS Working Papers},
  year={2018},
  note = {https://www.federalreserve.gov/econres/feds/files/2018033pap.pdf}
}


@article{sullivan2001dangers,
  title={Dangers of data mining: The case of calendar effects in stock returns},
  author={Sullivan, Ryan and Timmermann, Allan and White, Halbert},
  journal={Journal of Econometrics},
  volume={105},
  number={1},
  pages={249--286},
  year={2001},
  publisher={Elsevier}
}

@article{sullivan1999data,
  title={Data-snooping, technical trading rule performance, and the bootstrap},
  author={Sullivan, Ryan and Timmermann, Allan and White, Halbert},
  journal={The journal of Finance},
  volume={54},
  number={5},
  pages={1647--1691},
  year={1999},
  publisher={Wiley Online Library}
}

@article{white2000reality,
  title={A reality check for data snooping},
  author={White, Halbert},
  journal={Econometrica},
  volume={68},
  number={5},
  pages={1097--1126},
  year={2000},
  publisher={Wiley Online Library}
}

@article{ioannidis2005most,
  title={Why most published research findings are false},
  author={Ioannidis, John PA},
  journal={PLoS medicine},
  volume={2},
  number={8},
  pages={e124},
  year={2005},
  publisher={Public Library of Science}
}

@article{yan2017fundamental,
  title={Fundamental analysis and the cross-section of stock returns: A data-mining approach},
  author={Yan, Xuemin Sterling and Zheng, Lingling},
  journal={The Review of Financial Studies},
  volume={30},
  number={4},
  pages={1382--1423},
  year={2017},
  publisher={Oxford University Press}
}

@article{chen2021limits,
  title={The Limits of p-Hacking: Some Thought Experiments},
  author={Chen, Andrew Y},
  journal={The Journal of Finance},
  volume={76},
  number={5},
  pages={2447--2480},
  year={2021},
  publisher={Wiley Online Library}
}


@article{ChenZimmermann2021,
  title={Open Source Cross Sectional Asset Pricing},
  author={Chen, Andrew Y. and Tom Zimmermann},
  journal={Critical Finance Review},
  year={2022}
}

@book{efron2012large,
  title={Large-scale inference: empirical Bayes methods for estimation, testing, and prediction},
  author={Efron, Bradley},
  volume={1},
  year={2012},
  publisher={Cambridge University Press}
}

@article{harvey2017presidential,
  title={Presidential address: The scientific outlook in financial economics},
  author={Harvey, Campbell R},
  journal={The Journal of Finance},
  volume={72},
  number={4},
  pages={1399--1440},
  year={2017},
  publisher={Wiley Online Library}
}

@article{christensen2018transparency,
  title={Transparency, reproducibility, and the credibility of economics research},
  author={Christensen, Garret and Miguel, Edward},
  journal={Journal of Economic Literature},
  volume={56},
  number={3},
  pages={920--80},
  year={2018}
}

@article{Ang2007Stock,
  title={Stock return predictability: Is it there?},
  author={Ang, Andrew and Bekaert, Geert},
  journal={The Review of Financial Studies},
  volume={20},
  number={3},
  pages={651--707},
  year={2007},
  publisher={Oxford University Press}
}

@article{Barber2013The,
  title={The earnings announcement premium around the globe},
  author={Barber, Brad M and De George, Emmanuel T and Lehavy, Reuven and Trueman, Brett},
  journal={Journal of Financial Economics},
  volume={108},
  number={1},
  pages={118--138},
  year={2013},
  publisher={Elsevier}
}

@article{Bartram2021Global,
  title={Global market inefficiencies},
  author={Bartram, S{\"o}hnke M and Grinblatt, Mark},
  journal={Journal of Financial Economics},
  volume={139},
  number={1},
  pages={234--259},
  year={2021},
  publisher={Elsevier}
}

@article{Black1993Estimating,
  title={Estimating expected return},
  author={Black, Fischer},
  journal={Financial analysts journal},
  volume={49},
  number={5},
  pages={36--38},
  year={1993},
  publisher={Taylor \& Francis}
}

@article{Bossaerts1999Implementing,
  title={Implementing statistical criteria to select return forecasting models: what do we learn?},
  author={Bossaerts, Peter and Hillion, Pierre},
  journal={The Review of Financial Studies},
  volume={12},
  number={2},
  pages={405--428},
  year={1999},
  publisher={Oxford University Press}
}

@article{Campbell2008Predicting,
  title={Predicting excess stock returns out of sample: Can anything beat the historical average?},
  author={Campbell, John Y and Thompson, Samuel B},
  journal={The Review of Financial Studies},
  volume={21},
  number={4},
  pages={1509--1531},
  year={2008},
  publisher={Society for Financial Studies}
}

@article{Chordia2014Have,
  title={Have capital market anomalies attenuated in the recent era of high liquidity and trading activity?},
  author={Chordia, Tarun and Subrahmanyam, Avanidhar and Tong, Qing},
  journal={Journal of Accounting and Economics},
  volume={58},
  number={1},
  pages={41--58},
  year={2014},
  publisher={Elsevier}
}

@article{Chordia2020Anomalies,
  title={Anomalies and false rejections},
  author={Chordia, Tarun and Goyal, Amit and Saretto, Alessio},
  journal={The Review of Financial Studies},
  volume={33},
  number={5},
  pages={2134--2179},
  year={2020},
  publisher={Oxford University Press}
}

@article{Chui2000Momentum,
  title={Momentum, legal systems and ownership structure: An analysis of Asian stock markets},
  author={Chui, Andy CW and Wei, Kuo-Chiang and Titman, Sheridan},
  journal={Sheridan, Momentum, Legal Systems and Ownership Structure: An Analysis of Asian Stock Markets (December 2000)},
  year={2000}
}

@article{Conrad2003Value,
  title={Value versus glamour},
  author={Conrad, Jennifer and Cooper, Michael and Kaul, Gautam},
  journal={The Journal of Finance},
  volume={58},
  number={5},
  pages={1969--1995},
  year={2003},
  publisher={Wiley Online Library}
}

@article{Engelberg2018Anomalies,
  title={Anomalies and news},
  author={Engelberg, Joseph and McLean, R David and Pontiff, Jeffrey},
  journal={The Journal of Finance},
  volume={73},
  number={5},
  pages={1971--2001},
  year={2018},
  publisher={Wiley Online Library}
}

@article{Fama1988Dividend,
  title={Dividend yields and expected stock returns},
  author={Fama, Eugene F and French, Kenneth R},
  journal={Journal of financial economics},
  volume={22},
  number={1},
  pages={3--25},
  year={1988},
  publisher={Elsevier}
}

@article{Fama1998Value,
  title={Value versus growth: The international evidence},
  author={Fama, Eugene F and French, Kenneth R},
  journal={The journal of finance},
  volume={53},
  number={6},
  pages={1975--1999},
  year={1998},
  publisher={Wiley Online Library}
}

@article{Fama2012Size,
  title={Size, value, and momentum in international stock returns},
  author={Fama, Eugene F and French, Kenneth R},
  journal={Journal of financial economics},
  volume={105},
  number={3},
  pages={457--472},
  year={2012},
  publisher={Elsevier}
}

@article{Fama2017International,
  title={International tests of a five-factor asset pricing model},
  author={Fama, Eugene F and French, Kenneth R},
  journal={Journal of financial Economics},
  volume={123},
  number={3},
  pages={441--463},
  year={2017},
  publisher={Elsevier}
}

@article{Ferson2003Spurious,
  title={Spurious regressions in financial economics?},
  author={Ferson, Wayne E and Sarkissian, Sergei and Simin, Timothy T},
  journal={The Journal of Finance},
  volume={58},
  number={4},
  pages={1393--1413},
  year={2003},
  publisher={Wiley Online Library}
}

@article{Foster1997Assessing,
  title={Assessing goodness-of-fit of asset pricing models: The distribution of the maximal R 2},
  author={Foster, F Douglas and Smith, Tom and Whaley, Robert E},
  journal={The Journal of Finance},
  volume={52},
  number={2},
  pages={591--607},
  year={1997},
  publisher={Wiley Online Library}
}

@article{Griffin2002Are,
  title={Are the Fama and French factors global or country specific?},
  author={Griffin, John M},
  journal={The Review of Financial Studies},
  volume={15},
  number={3},
  pages={783--803},
  year={2002},
  publisher={Oxford University Press}
}

@article{Griffin2003Momentum,
  title={Momentum investing and business cycle risk: Evidence from pole to pole},
  author={Griffin, John M and Ji, Xiuqing and Martin, J Spencer},
  journal={The Journal of finance},
  volume={58},
  number={6},
  pages={2515--2547},
  year={2003},
  publisher={Wiley Online Library}
}

@article{Griffin2007Do,
  title={Do investors trade more when stocks have performed well? Evidence from 46 countries},
  author={Griffin, John M and Nardari, Federico and Stulz, Ren{\'e} M},
  journal={The Review of Financial Studies},
  volume={20},
  number={3},
  pages={905--951},
  year={2007},
  publisher={Oxford University Press}
}

@article{Griffin2010Do,
  title={Do market efficiency measures yield correct inferences? A comparison of developed and emerging markets},
  author={Griffin, John M and Kelly, Patrick J and Nardari, Federico},
  journal={The Review of Financial Studies},
  volume={23},
  number={8},
  pages={3225--3277},
  year={2010},
  publisher={Oxford University Press}
}

@article{Goyal2021A,
  title={A Comprehensive Look at the Empirical Performance ofEquity Premium Prediction II},
  author={Goyal, Amit and Welch, Ivo and Zafirov, Athanasse},
  journal={Available at SSRN 3929119},
  year={2021}
}

@article{Hou2011What,
  title={What factors drive global stock returns?},
  author={Hou, Kewei and Karolyi, G Andrew and Kho, Bong-Chan},
  journal={The Review of Financial Studies},
  volume={24},
  number={8},
  pages={2527--2574},
  year={2011},
  publisher={Oxford University Press}
}

@article{Hou2020Replicating,
  title={Replicating anomalies},
  author={Hou, Kewei and Xue, Chen and Zhang, Lu},
  journal={The Review of Financial Studies},
  volume={33},
  number={5},
  pages={2019--2133},
  year={2020},
  publisher={Oxford University Press}
}

@article{Jacobs2016Market,
  title={Market maturity and mispricing},
  author={Jacobs, Heiko},
  journal={Journal of Financial Economics},
  volume={122},
  number={2},
  pages={270--287},
  year={2016},
  publisher={Elsevier}
}

@article{Jacobs2018And,
  title={... And Nothing Else Matters? On the Dimensionality and Predictability of International Stock Returns},
  author={Jacobs, Heiko and M{\"u}ller, Sebastian},
  journal={On the Dimensionality and Predictability of International Stock Returns (November 20, 2018)},
  year={2018}
}

@article{Jacobs2020Anomalies,
  title={Anomalies across the globe: Once public, no longer existent?},
  author={Jacobs, Heiko and M{\"u}ller, Sebastian},
  journal={Journal of Financial Economics},
  volume={135},
  number={1},
  pages={213--230},
  year={2020},
  publisher={Elsevier}
}

@article{Jensen1970Random,
 author = {Michael C. Jensen and George A. Benington},
 journal = {The Journal of Finance},
 number = {2},
 pages = {469--482},
 title = {Random Walks and Technical Theories: Some Additional Evidence},
 volume = {25},
 year = {1970}
}

@article{jensen2023there,
  title={Is there a replication crisis in finance?},
  author={Jensen, Theis Ingerslev and Kelly, Bryan and Pedersen, Lasse Heje},
  journal={The Journal of Finance},
  volume={78},
  number={5},
  pages={2465--2518},
  year={2023},
  publisher={Wiley Online Library}
}

@article{Lakonishok1988Are,
  title={Are seasonal anomalies real? A ninety-year perspective},
  author={Lakonishok, Josef and Smidt, Seymour},
  journal={The review of financial studies},
  volume={1},
  number={4},
  pages={403--425},
  year={1988},
  publisher={Oxford University Press}
}

@article{Lebaron2000The,
  title={The stability of moving average technical trading rules on the Dow Jones Index},
  author={LeBaron, Blake},
  journal={Derivatives Use, Trading and Regulation},
  volume={5},
  number={4},
  pages={324--338},
  year={2000}
}

@article{Lettau2008Reconciling,
  title={Reconciling the return predictability evidence: The review of financial studies: Reconciling the return predictability evidence},
  author={Lettau, Martin and Van Nieuwerburgh, Stijn},
  journal={The Review of Financial Studies},
  volume={21},
  number={4},
  pages={1607--1652},
  year={2008},
  publisher={Oxford University Press}
}

@article{Linnainmaa2018The,
  title={The history of the cross-section of stock returns},
  author={Linnainmaa, Juhani T and Roberts, Michael R},
  journal={The Review of Financial Studies},
  volume={31},
  number={7},
  pages={2606--2649},
  year={2018},
  publisher={Oxford University Press}
}

@article{Lo1990Data,
  title={Data-snooping biases in tests of financial asset pricing models},
  author={Lo, Andrew W and MacKinlay, A Craig},
  journal={The Review of Financial Studies},
  volume={3},
  number={3},
  pages={431--467},
  year={1990},
  publisher={Oxford University Press}
}

@article{Lo1997Maximizing,
  title={Maximizing predictability in the stock and bond markets},
  author={Lo, Andrew W and MacKinlay, A Craig},
  journal={Macroeconomic dynamics},
  volume={1},
  number={1},
  pages={102--134},
  year={1997},
  publisher={Cambridge University Press}
}

@techreport{Lu2017Anomalies,
  title={Anomalies abroad: Beyond data mining},
  author={Lu, Xiaomeng and Stambaugh, Robert F and Yuan, Yu},
  year={2017},
  institution={National Bureau of Economic Research}
}

@article{Mclean2009Share,
  title={Share issuance and cross-sectional returns: International evidence},
  author={McLean, R David and Pontiff, Jeffrey and Watanabe, Akiko},
  journal={Journal of Financial Economics},
  volume={94},
  number={1},
  pages={1--17},
  year={2009},
  publisher={Elsevier}
}

@article{Mclean2016Does,
  title={Does academic research destroy stock return predictability?},
  author={McLean, R David and Pontiff, Jeffrey},
  journal={The Journal of Finance},
  volume={71},
  number={1},
  pages={5--32},
  year={2016},
  publisher={Wiley Online Library}
}

@article{Merton1985On,
  title={On the current state of the stock market rationality hypothesis},
  author={Merton, Robert C and others},
  year={1985},
  publisher={Alfred P. Sloan School of Management, Massachusetts Institute of Technology}
}

@article{Novy2014Predicting,
  title={Predicting anomaly performance with politics, the weather, global warming, sunspots, and the stars},
  author={Novy-Marx, Robert},
  journal={Journal of Financial Economics},
  volume={112},
  number={2},
  pages={137--146},
  year={2014},
  publisher={Elsevier}
}

@article{Pesaran1995Predictability,
  title={Predictability of stock returns: Robustness and economic significance},
  author={Pesaran, M Hashem and Timmermann, Allan},
  journal={The Journal of Finance},
  volume={50},
  number={4},
  pages={1201--1228},
  year={1995},
  publisher={Wiley Online Library}
}

@article{Rapach2005Macro,
  title={Macro variables and international stock return predictability},
  author={Rapach, David E and Wohar, Mark E and Rangvid, Jesper},
  journal={International journal of forecasting},
  volume={21},
  number={1},
  pages={137--166},
  year={2005},
  publisher={Elsevier}
}

@article{Rapach2006In,
  title={In-sample vs. out-of-sample tests of stock return predictability in the context of data mining},
  author={Rapach, David E and Wohar, Mark E},
  journal={Journal of Empirical Finance},
  volume={13},
  number={2},
  pages={231--247},
  year={2006},
  publisher={Elsevier}
}

@article{Rapach2010Out,
  title={Out-of-sample equity premium prediction: Combination forecasts and links to the real economy},
  author={Rapach, David E and Strauss, Jack K and Zhou, Guofu},
  journal={The Review of Financial Studies},
  volume={23},
  number={2},
  pages={821--862},
  year={2010},
  publisher={Oxford University Press}
}

@article{Ross1987Regression,
  title={Regression to the Max},
  author={Ross, Stephen A},
  journal={Unpublished Paper, Yale University},
  year={1987}
}

@article{Rouwenhorst1998International,
  title={International momentum strategies},
  author={Rouwenhorst, K Geert},
  journal={The journal of finance},
  volume={53},
  number={1},
  pages={267--284},
  year={1998},
  publisher={Wiley Online Library}
}

@article{Torous2000Boundaries,
  title={Boundaries of predictability: Noisy predictive regressions},
  author={Torous, Walter and Valkanov, Rossen},
  year={2000}
}

@article{Wahal2019The,
  title={The profitability and investment premium: Pre-1963 evidence},
  author={Wahal, Sunil},
  journal={Journal of Financial Economics},
  volume={131},
  number={2},
  pages={362--377},
  year={2019},
  publisher={Elsevier}
}

@article{Watanabe2013The,
  title={The asset growth effect: Insights from international equity markets},
  author={Watanabe, Akiko and Xu, Yan and Yao, Tong and Yu, Tong},
  journal={Journal of Financial Economics},
  volume={108},
  number={2},
  pages={529--563},
  year={2013},
  publisher={Elsevier}
}

@article{Goyal2008A,
  title={A comprehensive look at the empirical performance of equity premium prediction},
  author={Goyal, Amit and Welch, Ivo},
  journal={The Review of Financial Studies},
  volume={21},
  number={4},
  pages={1455--1508},
  year={2008},
  publisher={Society for Financial Studies}
}

